<?xml version="1.0" encoding="UTF-8"?><record xmlns="http://www.loc.gov/MARC21/slim" xmlns:cinclude="http://apache.org/cocoon/include/1.0" xmlns:zs="http://www.loc.gov/zing/srw/">
  <leader>00486cz  a2200133n  4500</leader>
  <controlfield tag="001">n  79140916 </controlfield>
  <controlfield tag="003">DLC</controlfield>
  <controlfield tag="005">20010328093600.0</controlfield>
  <controlfield tag="008">800310n| acannaab           |n aaa      </controlfield>
  <datafield tag="010" ind1=" " ind2=" ">
    <subfield code="a">n  79140916 </subfield>
  </datafield>
  <datafield tag="040" ind1=" " ind2=" ">
    <subfield code="a">DLC</subfield>
    <subfield code="c">DLC</subfield>
    <subfield code="d">DLC</subfield>
  </datafield>
  <datafield tag="100" ind1="1" ind2=" ">
    <subfield code="a">Bartolomei, Franco</subfield>
  </datafield>
  <datafield tag="670" ind1=" " ind2=" ">
    <subfield code="a">His Contributo ad una teoria del procedimento ablatorio, 1962.</subfield>
  </datafield>
  <datafield tag="670" ind1=" " ind2=" ">
    <subfield code="a">His Magistrati del malefizio, 2000:</subfield>
    <subfield code="b">t.p. (Franco Bartolomei) jkt. (aged 70; ordinario di diritto amministrativo, UniversitaĚ di Macerata; lawyer)</subfield>
  </datafield>
</record>